
@article{sahooOnlineDeepLearning2017,
  title = {Online {{Deep Learning}}: Learning {{Deep Neural Networks}} on the {{Fly}}},
  shorttitle = {Online {{Deep Learning}}},
  author = {Sahoo, Doyen and Pham, Quang and Lu, Jing and Hoi, Steven C. H.},
  year = {2017},
  month = nov,
  journal = {arXiv:1711.03705 [cs]},
  eprint = {1711.03705},
  eprinttype = {arxiv},
  primaryclass = {cs},
  archiveprefix = {arXiv},
  keywords = {Computer Science - Machine Learning}
}


